% Encoding: UTF-8

@Book{Pozar2009,
  title     = {Microwave engineering},
  publisher = {John Wiley \& Sons},
  year      = {2009},
  author    = {Pozar, David M},
}

@Article{Devoret1995,
  author  = {Devoret, Michel H and others},
  title   = {Quantum fluctuations in electrical circuits},
  journal = {Les Houches, Session LXIII},
  year    = {1995},
  volume  = {7},
  number  = {8},
}

@Misc{Feynman1966,
  author    = {Feynman, Richard P and Leighton, Robert B and Sands, Matthew and Lindsay, R Bruce},
  title     = {The feynman lectures on physics, vol. 3: Quantum mechanics},
  year      = {1966},
  publisher = {AIP},
}

@Article{Harmans1997,
  author  = {Harmans, C},
  title   = {Mesoscopic Physics: An Introduction},
  journal = {Delft University},
  year    = {1997},
}

@Book{Schuster2007,
  title  = {Circuit quantum electrodynamics},
  year   = {2007},
  author = {Schuster, David Isaac},
}

@Book{Geerlings2013,
  title         = {Improving coherence of superconducting qubits and resonators},
  year          = {2013},
  author        = {Geerlings, Kurtis Lee},
  __markedentry = {[Wayne:]},
}

@PhdThesis{Cottet2002d,
  author        = {Cottet, Audrey},
  title         = {Implementation of a quantum bit in a superconducting circuit},
  school        = {PhD Thesis, Universit{\'e} Paris 6},
  year          = {2002},
  __markedentry = {[Wayne:6]},
}

@Comment{jabref-meta: databaseType:bibtex;}
